
% Journals

% First the Full Name is given, then the abbreviation used in the AMS Math
% Reviews, with an indication if it could not be found there.
% Note the 2nd overwrites the 1st, so swap them if you want the full name.

 %{AMS}
 @String{AMSTrans = "American Mathematical Society Translations" }
 @String{AMSTrans = "Amer. Math. Soc. Transl." }
 @String{BullAMS = "Bulletin of the American Mathematical Society" }
 @String{BullAMS = "Bull. Amer. Math. Soc." }
 @String{ProcAMS = "Proceedings of the American Mathematical Society" }
 @String{ProcAMS = "Proc. Amer. Math. Soc." }
 @String{TransAMS = "Transactions of the American Mathematical Society" }
 @String{TransAMS = "Trans. Amer. Math. Soc." }

 %ACM
 @String{CACM = "Communications of the {ACM}" }
 @String{CACM = "Commun. {ACM}" }
 @String{CompServ = "Comput. Surveys" }
 @String{JACM = "J. ACM" }
 @String{ACMMathSoft = "{ACM} Transactions on Mathematical Software" }
 @String{ACMMathSoft = "{ACM} Trans. Math. Software" }
 @String{SIGNUM = "{ACM} {SIGNUM} Newsletter" }
 @String{SIGNUM = "{ACM} {SIGNUM} Newslett." }

 @String{AmerSocio = "American Journal of Sociology" }
 @String{AmerStatAssoc = "Journal of the American Statistical Association" }
 @String{AmerStatAssoc = "J. Amer. Statist. Assoc." }
 @String{ApplMathComp = "Applied Mathematics and Computation" }
 @String{ApplMathComp = "Appl. Math. Comput." }
 @String{AmerMathMonthly = "American Mathematical Monthly" }
 @String{AmerMathMonthly = "Amer. Math. Monthly" }
 @String{BIT = "{BIT}" }
 @String{BritStatPsych = "British Journal of Mathematical and Statistical
          Psychology" }
 @String{BritStatPsych = "Brit. J. Math. Statist. Psych." }
 @String{CanMathBull = "Canadian Mathematical Bulletin" }
 @String{CanMathBull = "Canad. Math. Bull." }
 @String{CompApplMath = "Journal of Computational and Applied Mathematics" }
 @String{CompApplMath = "J. Comput. Appl. Math." }
 @String{CompPhys = "Journal of Computational Physics" }
 @String{CompPhys = "J. Comput. Phys." }
 @String{CompStruct = "Computers and Structures" }
 @String{CompStruct = "Comput. \& Structures" }
 @String{CompJour = "The Computer Journal" }
 @String{CompJour = "Comput. J." }
 @String{CompSysSci = "Journal of Computer and System Sciences" }
 @String{CompSysSci = "J. Comput. System Sci." }
 @String{Computing = "Computing" }
 @String{ContempMath = "Contemporary Mathematics" }
 @String{ContempMath = "Contemp. Math." }
 @String{Crelle = "Crelle's Journal" }
 @String{GiornaleMath = "Giornale di Mathematiche" }
 @String{GiornaleMath = "Giorn. Mat." } % didn't find in AMS MR., ibid.

 %IEEE
 @String{Computer = "{IEEE} Computer" }
 @String{IEEETransComp = "{IEEE} Transactions on Computers" }
 @String{IEEETransComp = "{IEEE} Trans. Comput." }
 @String{IEEETransAC = "{IEEE} Transactions on Automatic Control" }
 @String{IEEETransAC = "{IEEE} Trans. Automat. Control" }
 @String{IEEESpec = "{IEEE} Spectrum" } % didn't find in AMS MR
 @String{ProcIEEE = "Proceedings of the {IEEE}" }
 @String{ProcIEEE = "Proc. {IEEE}" } % didn't find in AMS MR
 @String{IEEETransAeroElec = "{IEEE} Transactions on Aerospace and Electronic
     Systems" }
 @String{IEEETransAeroElec = "{IEEE} Trans. Aerospace Electron. Systems" }

 @String{IMANumerAna = "{IMA} Journal of Numerical Analysis" }
 @String{IMANumerAna = "{IMA} J. Numer. Anal." }
 @String{InfProcLet = "Information Processing Letters" }
 @String{InfProcLet = "Inform. Process. Lett." }
 @String{InstMathApp = "Journal of the Institute of Mathematics and
     its Applications" }
 @String{InstMathApp = "J. Inst. Math. Appl." }
 @String{IntControl = "International Journal of Control" }
 @String{IntControl = "Internat. J. Control" }
 @String{IntNumerEng = "International Journal for Numerical Methods in
     Engineering" }
 @String{IntNumerEng = "Internat. J. Numer. Methods Engrg." }
 @String{IntSuper = "International Journal of Supercomputing Applications" }
 @String{IntSuper = "Internat. J. Supercomputing Applic." } % didn't find
%% in AMS MR
 @String{Kibernetika = "Kibernetika" }
 @String{JResNatBurStand = "Journal of Research of the National Bureau
     of Standards" }
 @String{JResNatBurStand = "J. Res. Nat. Bur. Standards" }
 @String{LinAlgApp = "Linear Algebra and its Applications" }
 @String{LinAlgApp = "Linear Algebra Appl." }
 @String{MathAnaAppl = "Journal of Mathematical Analysis and Applications" }
 @String{MathAnaAppl = "J. Math. Anal. Appl." }
 @String{MathAnnalen = "Mathematische Annalen" }
 @String{MathAnnalen = "Math. Ann." }
 @String{MathPhys = "Journal of Mathematical Physics" }
 @String{MathPhys = "J. Math. Phys." }
 @String{MathComp = "Mathematics of Computation" }
 @String{MathComp = "Math. Comp." }
 @String{MathScand = "Mathematica Scandinavica" }
 @String{MathScand = "Math. Scand." }
 @String{TablesAidsComp = "Mathematical Tables and Other Aids to Computation" }
 @String{TablesAidsComp = "Math. Tables Aids Comput." }
 @String{NumerMath = "Numerische Mathematik" }
 @String{NumerMath = "Numer. Math." }
 @String{PacificMath = "Pacific Journal of Mathematics" }
 @String{PacificMath = "Pacific J. Math." }
 @String{ParDistComp = "Journal of Parallel and Distributed Computing" }
 @String{ParDistComp = "J. Parallel and Distrib. Comput." } % didn't find
%% in AMS MR
 @String{ParComputing = "Parallel Computing" }
 @String{ParComputing = "Parallel Comput." }
 @String{PhilMag = "Philosophical Magazine" }
 @String{PhilMag = "Philos. Mag." }
 @String{ProcNAS = "Proceedings of the National Academy of Sciences
                    of the USA" }
 @String{ProcNAS = "Proc. Nat. Acad. Sci. U. S. A." }
 @String{Psychometrika = "Psychometrika" }
 @String{QuartMath = "Quarterly Journal of Mathematics, Oxford, Series (2)" }
 @String{QuartMath = "Quart. J. Math. Oxford Ser. (2)" }
 @String{QuartApplMath = "Quarterly of Applied Mathematics" }
 @String{QuartApplMath = "Quart. Appl. Math." }
 @String{RevueInstStat = "Review of the International Statisical Institute" }
 @String{RevueInstStat = "Rev. Inst. Internat. Statist." }

 %SIAM
 @String{JSIAM = "Journal of the Society for Industrial and Applied
     Mathematics" }
 @String{JSIAM = "J. Soc. Indust. Appl. Math." }
 @String{JSIAMB = "Journal of the Society for Industrial and Applied
     Mathematics, Series B, Numerical Analysis" }
 @String{JSIAMB = "J. Soc. Indust. Appl. Math. Ser. B Numer. Anal." }
 @String{SIAMAlgMeth = "{SIAM} Journal on Algebraic and Discrete Methods" }
 @String{SIAMAlgMeth = "{SIAM} J. Algebraic Discrete Methods" }
 @String{SIAMAppMath = "{SIAM} Journal on Applied Mathematics" }
 @String{SIAMAppMath = "{SIAM} J. Appl. Math." }
 @String{SIAMComp = "{SIAM} Journal on Computing" }
 @String{SIAMComp = "{SIAM} J. Comput." }
 @String{SIAMMatrix = "{SIAM} Journal on Matrix Analysis and Applications" }
 @String{SIAMMatrix = "{SIAM} J. Matrix Anal. Appl." }
 @String{SIAMNumAnal = "{SIAM} Journal on Numerical Analysis" }
 @String{SIAMNumAnal = "{SIAM} J. Numer. Anal." }
 @String{SIAMReview = "{SIAM} Review" }
 @String{SIAMReview = "{SIAM} Rev." }
 @String{SIAMSciStat = "{SIAM} Journal on Scientific and Statistical
     Computing" }
 @String{SIAMSciStat = "{SIAM} J. Sci. Statist. Comput." }

 @String{SoftPracExp = "Software Practice and Experience" }
 @String{SoftPracExp = "Software Prac. Experience" } % didn't find in AMS MR
 @String{StatScience = "Statistical Science" }
 @String{StatScience = "Statist. Sci." }
 @String{Techno = "Technometrics" }
 @String{USSRCompMathPhys = "{USSR} Computational Mathematics and Mathematical
     Physics" }
 @String{USSRCompMathPhys = "{U. S. S. R.} Comput. Math. and Math. Phys." }
 @String{VLSICompSys = "Journal of {VLSI} and Computer Systems" }
 @String{VLSICompSys = "J. {VLSI} Comput. Syst." }
 @String{ZAngewMathMech = "Zeitschrift fur Angewandte Mathematik und
     Mechanik" }
 @String{ZAngewMathMech = "Z. Angew. Math. Mech." }
 @String{ZAngewMathPhys = "Zeitschrift fur Angewandte Mathematik und Physik" }
 @String{ZAngewMathPhys = "Z. Angew. Math. Phys." }

% Publishers % ================================================= |

 @String{Academic = "Academic Press" }
 @String{ACMPress = "{ACM} Press" }
 @String{AdamHilger = "Adam Hilger" }
 @String{AddisonWesley = "Addison-Wesley" }
 @String{AllynBacon = "Allyn and Bacon" }
 @String{AMS = "American Mathematical Society" }
 @String{Birkhauser = "Birkha{\"u}ser" }
 @String{CambridgePress = "Cambridge University Press" }
 @String{Chelsea = "Chelsea" }
 @String{ClaredonPress = "Claredon Press" }
 @String{DoverPub = "Dover Publications" }
 @String{Eyolles = "Eyolles" }
 @String{HoltRinehartWinston = "Holt, Rinehart and Winston" }
 @String{Interscience = "Interscience" }
 @String{JohnsHopkinsPress = "The Johns Hopkins University Press" }
 @String{JohnWileySons = "John Wiley and Sons" }
 @String{Macmillan = "Macmillan" }
 @String{MathWorks = "The Math Works Inc." }
 @String{McGrawHill = "McGraw-Hill" }
 @String{NatBurStd = "National Bureau of Standards" }
 @String{NorthHolland = "North-Holland" }
 @String{OxfordPress = "Oxford University Press" }  %address Oxford or London?
 @String{PergamonPress = "Pergamon Press" }
 @String{PlenumPress = "Plenum Press" }
 @String{PrenticeHall = "Prentice-Hall" }
 @String{SIAMPub = "{SIAM} Publications" }
 @String{Springer = "Springer-Verlag" }
 @String{TexasPress = "University of Texas Press" }
 @String{VanNostrand = "Van Nostrand" }
 @String{WHFreeman = "W. H. Freeman and Co." }

%Entries
@article{ombredanne2020free,
  title={Free and open source software license compliance: tools for software composition analysis},
  author={Ombredanne, Philippe},
  journal={Computer},
  volume={53},
  number={10},
  pages={105--109},
  year={2020},
  doi={10.1109/MC.2020.3011082},
  publisher={IEEE}
}

@article{perens1999open,
  title={The open source definition},
  author={Perens, Bruce},
  journal={Open sources: voices from the open source revolution},
  volume={1},
  pages={171--188},
  year={1999},
  publisher={Sebastopol, CA: O'Reilly}
}

@book{rosen2005open,
  title={Open Source Licensing: Software Freedom and Intellectual Property Law},
  author={Rosen, Lawrence},
  isbn={0-13-148787-6},
  publisher={Prentice Hall Professional Technical Reference},
  address={New Jersey},
  year={2005}
}

@inproceedings{jiang2023empirical,
  title={An empirical study of pre-trained model reuse in the hugging face deep learning model registry},
  author={Jiang, Wenxin and Synovic, Nicholas and Hyatt, Matt and Schorlemmer, Taylor R and Sethi, Rohan and Lu, Yung-Hsiang and Thiruvathukal, George K and Davis, James C},
  booktitle={Proceedings of the 45th {IEEE/ACM} International Conference on Software Engineering (ICSE)},
  pages={2463--2475},
  doi={10.1109/ICSE48619.2023.00206},
  year={2023}
}

@article{touvron2023llama,
  title={Llama 2: Open foundation and fine-tuned chat models},
  author={Touvron, Hugo and Martin, Louis and Stone, Kevin and Albert, Peter and Almahairi, Amjad and Babaei, Yasmine and Bashlykov, Nikolay and Batra, Soumya and Bhargava, Prajjwal and Bhosale, Shruti and others},
  journal={arXiv preprint arXiv:2307.09288},
  year={2023}
}

@inproceedings{he2022fastermoe,
  title={{FasterMoE}: modeling and optimizing training of large-scale dynamic pre-trained models},
  author={He, Jiaao and Zhai, Jidong and Antunes, Tiago and Wang, Haojie and Luo, Fuwen and Shi, Shangfeng and Li, Qin},
  booktitle={Proceedings of the 27th ACM SIGPLAN Symposium on Principles and Practice of Parallel Programming (PPoPP)},
  pages={120--134},
  doi={10.1145/3503221.3508418},
  year={2022}
}

@article{schuhmann2022laion,
  title={{LAION-5B:} An open large-scale dataset for training next generation image-text models},
  author={Schuhmann, Christoph and Beaumont, Romain and Vencu, Richard and Gordon, Cade and Wightman, Ross and Cherti, Mehdi and Coombes, Theo and Katta, Aarush and Mullis, Clayton and Wortsman, Mitchell and others},
  journal={Advances in Neural Information Processing Systems (NeurIPS)},
  volume={35},
  pages={25278--25294},
  year={2022}
}

@inproceedings{wolf2020transformers,
  title={Transformers: State-of-the-art natural language processing},
  author={Wolf, Thomas and Debut, Lysandre and Sanh, Victor and Chaumond, Julien and Delangue, Clement and Moi, Anthony and Cistac, Pierric and Rault, Tim and Louf, R{\'e}mi and Funtowicz, Morgan and others},
  booktitle={Proceedings of the 2020 Conference on Empirical Methods in Natural Language Processing (EMNLP)},
  pages={38--45},
  doi={10.18653/v1/2020.emnlp-demos.6},
  year={2020}
}

@inproceedings{rombach2022high,
  title={High-resolution image synthesis with latent diffusion models},
  author={Rombach, Robin and Blattmann, Andreas and Lorenz, Dominik and Esser, Patrick and Ommer, Bj{\"o}rn},
  booktitle={Proceedings of the IEEE/CVF Conference on Computer Vision and Pattern Recognition (CVPR)},
  pages={10684--10695},
  doi={10.1109/CVPR52688.2022.01042},
  year={2022}
}

@article{gao2020the,
  title={{The Pile}: An 800GB Dataset of Diverse Text for Language Modeling},
  author={Gao, Leo and Biderman, Stella and Black, Sid and Golding, Laurence and Hoppe, Travis and Foster, Charles and Phang, Jason and He, Horace and Thite, Anish and Nabeshima, Noa and Presser, Shawn and Leahy, Connor},
  journal={arXiv preprint arXiv:2101.00027},
  year={2020}
}

@inproceedings{strubell2019energy,
  title={Energy and Policy Considerations for Deep Learning in {NLP}},
  author={Strubell, Emma and Ganesh, Ananya and McCallum, Andrew},
  booktitle={Proceedings of the 57th Annual Meeting of the Association for Computational Linguistics (ACL)},
  pages={3645--3650},
  doi={10.18653/v1/p19-1355},
  year={2019}
}

@article{han2021pre,
  title={Pre-trained models: Past, present and future},
  author={Han, Xu and Zhang, Zhengyan and Ding, Ning and Gu, Yuxian and Liu, Xiao and Huo, Yuqi and Qiu, Jiezhong and Yao, Yuan and Zhang, Ao and Zhang, Liang and others},
  journal={AI Open},
  volume={2},
  pages={225--250},
  year={2021},
  doi={10.1016/j.aiopen.2021.08.002},
  publisher={Elsevier}
}

@article{radford2019language,
  title={Language models are unsupervised multitask learners},
  author={Radford, Alec and Wu, Jeffrey and Child, Rewon and Luan, David and Amodei, Dario and Sutskever, Ilya and others},
  journal={OpenAI blog},
  volume={1},
  number={8},
  pages={9},
  year={2019}
}

@article{scao2022bloom,
  title={{BLOOM}: A 176b-parameter open-access multilingual language model},
  author={Scao, Teven Le and Fan, Angela and Akiki, Christopher and Pavlick, Ellie and Ili{\'c}, Suzana and Hesslow, Daniel and Castagn{\'e}, Roman and Luccioni, Alexandra Sasha and Yvon, Fran{\c{c}}ois and Gall{\'e}, Matthias and others},
  journal={arXiv preprint arXiv:2211.05100},
  year={2022}
}

@article{rajbahadur2021can,
  title={Can I use this publicly available dataset to build commercial AI software?--A Case Study on Publicly Available Image Datasets},
  author={Rajbahadur, Gopi Krishnan and Tuck, Erika and Zi, Li and Lin, Dayi and Chen, Boyuan and Ming, Zhen and German, Daniel M and others},
  journal={arXiv preprint arXiv:2111.02374},
  year={2021}
}

@inproceedings{zeng2023glm,
  title={{GLM-130B:} An Open Bilingual Pre-trained Model},
  author={Zeng, Aohan and Liu, Xiao and Du, Zhengxiao and Wang, Zihan and Lai, Hanyu and Ding, Ming and Yang, Zhuoyi and Xu, Yifan and Zheng, Wendi and Xia, Xiao and others},
  journal={Proceedings of the 11th International Conference on Learning Representations (ICLR)},
  year={2023}
}

@article{schoettle2019open,
  title={Open source license compliance-why and how?},
  author={Schoettle, Hendrik},
  journal={Computer},
  volume={52},
  number={8},
  pages={63--67},
  year={2019},
  doi={10.1109/MC.2019.2915690},
  publisher={IEEE}
}

@inproceedings{cui2023empirical,
  title={An Empirical Study of License Conflict in Free and Open Source Software},
  author={Cui, Xing and Wu, Jingzheng and Wu, Yanjun and Wang, Xu and Luo, Tianyue and Qu, Sheng and Ling, Xiang and Yang, Mutian},
  booktitle={2023 IEEE/ACM 45th International Conference on Software Engineering: Software Engineering in Practice (ICSE-SEIP)},
  pages={495--505},
  year={2023},
  doi={10.1109/ICSE-SEIP58684.2023.00050},
  organization={IEEE}
}

@inproceedings{mathur2012empirical,
  title={An empirical study of license violations in open source projects},
  author={Mathur, Arunesh and Choudhary, Harshal and Vashist, Priyank and Thies, William and Thilagam, Santhi},
  booktitle={2012 35th Annual IEEE Software Engineering Workshop (SEW)},
  pages={168--176},
  year={2012},
  doi={10.1109/SEW.2012.24},
  organization={IEEE}
}

@article{kapitsaki2017automating,
  title={Automating the license compatibility process in open source software with {SPDX}},
  author={Kapitsaki, Georgia M and Kramer, Frederik and Tselikas, Nikolaos D},
  journal={Journal of Systems and Software (JSS)},
  volume={131},
  pages={386--401},
  year={2017},
  doi={10.1016/j.jss.2016.06.064},
  publisher={Elsevier}
}

@inproceedings{contractor2022behavioral,
  title={Behavioral use licensing for responsible AI},
  author={Contractor, Danish and McDuff, Daniel and Haines, Julia Katherine and Lee, Jenny and Hines, Christopher and Hecht, Brent and Vincent, Nicholas and Li, Hanlin},
  booktitle={2022 ACM Conference on Fairness, Accountability, and Transparency (FAccT)},
  pages={778--788},
  doi={10.1145/3531146.3533143},
  year={2022}
}

@inproceedings{you2021workshop,
  title={Workshop on Model Mining},
  author={You, Shan and Xu, Chang and Wang, Fei and Zhang, Changshui},
  booktitle={Proceedings of the 27th ACM SIGKDD Conference on Knowledge Discovery \& Data Mining},
  pages={4177--4178},
  doi={10.1145/3447548.3469471},
  year={2021}
}

@inproceedings{devlin2019bert,
  title={{BERT}: Pre-training of deep bidirectional transformers for language understanding},
  author={Devlin, Jacob and Chang, Ming-Wei and Lee, Kenton and Toutanova, Kristina},
  booktitle={Proceedings of the 17th Conference of the North American Chapter of the Association for Computational Linguistics: Human Language Technologies (NAACL-HLT)},
  pages={4171--4186},
  doi={10.18653/v1/n19-1423},
  year={2019}
}

@inproceedings{huang2022layoutlmv3,
  title={{LayoutLMv3}: Pre-training for document ai with unified text and image masking},
  author={Huang, Yupan and Lv, Tengchao and Cui, Lei and Lu, Yutong and Wei, Furu},
  booktitle={Proceedings of the 30th ACM International Conference on Multimedia (MM)},
  pages={4083--4091},
  doi={10.1145/3503161.3548112},
  year={2022}
}

@misc{dreamlike2023,
  author= {Dreamlike Tech Ltd.},
  title = {Dreamlike Photoreal 2.0},
  year = {2023},
  url = {https://huggingface.co/dreamlike-art/dreamlike-photoreal-2.0},
  lastaccessed = {September 25, 2023}
}

@misc{creative2023artificial,
  author= {Creative Commons},
  title = {Artificial intelligence and CC licenses},
  year = {2023},
  url = {https://creativecommons.org/faq/#artificial-intelligence-and-cc-licenses},
  lastaccessed = {September 25, 2023}
}

@article{goyal2022vision,
  title={Vision models are more robust and fair when pretrained on uncurated images without supervision},
  author={Goyal, Priya and Duval, Quentin and Seessel, Isaac and Caron, Mathilde and Singh, Mannat and Misra, Ishan and Sagun, Levent and Joulin, Armand and Bojanowski, Piotr},
  journal={arXiv preprint arXiv:2202.08360},
  year={2022}
}

@article{benjamin2019towards,
  title={Towards standardization of data licenses: The montreal data license},
  author={Benjamin, Misha and Gagnon, Paul and Rostamzadeh, Negar and Pal, Chris and Bengio, Yoshua and Shee, Alex},
  journal={arXiv preprint arXiv:1903.12262},
  year={2019}
}

@article{jacobs1991adaptive,
  title={Adaptive mixtures of local experts},
  author={Jacobs, Robert A and Jordan, Michael I and Nowlan, Steven J and Hinton, Geoffrey E},
  journal={Neural computation},
  volume={3},
  number={1},
  pages={79--87},
  year={1991},
  doi={10.1162/neco.1991.3.1.79},
  publisher={MIT Press}
}

@inproceedings{bender2021dangers,
  title={On the dangers of stochastic parrots: Can language models be too big?},
  author={Bender, Emily M and Gebru, Timnit and McMillan-Major, Angelina and Shmitchell, Shmargaret},
  booktitle={Proceedings of the 2021 ACM conference on Fairness, Accountability, and Transparency (FAccT)},
  pages={610--623},
  doi={10.1145/3442188.3445922},
  year={2021}
}

@article{penedo2023refinedweb,
  title={The RefinedWeb dataset for Falcon LLM: outperforming curated corpora with web data, and web data only},
  author={Penedo, Guilherme and Malartic, Quentin and Hesslow, Daniel and Cojocaru, Ruxandra and Cappelli, Alessandro and Alobeidli, Hamza and Pannier, Baptiste and Almazrouei, Ebtesam and Launay, Julien},
  journal={arXiv preprint arXiv:2306.01116},
  year={2023}
}

@article{kocetkov2023stack,
  title={{The Stack}: 3 {TB} of permissively licensed source code},
  author={Kocetkov, Denis and Li, Raymond and Allal, Loubna Ben and Li, Jia and Mou, Chenghao and Ferrandis, Carlos Mu{\~n}oz and Jernite, Yacine and Mitchell, Margaret and Hughes, Sean and Wolf, Thomas and others},
  journal={Transactions on Machine Learning Research (TMLR)},
  year={2023}
}

@inproceedings{national1979final,
  title={Final Report of the National Commission on New Technological Uses of Copyrighted Works, July 31, 1978},
  author={National Commission on New Technological Uses of Copyrighted Works (US)},
  year={1979},
  organization={Library of Congress}
}

@article{hedrick2019ithink,
  title={I Think, Therefore I Create: Claiming Copyright in the Outputs of Algorithms},
  author= {Hedrick, Samantha Fink},
  journal={New York University Journal of Intellectual Property \& Entertainment Law (JIPEL)},
  volume={8},
  number={2},
  pages={324--375},
  year={2019}
}

@article{margoni2018artificial,
  title={Artificial Intelligence, Machine learning and EU copyright law: Who owns AI?},
  author={Margoni, Thomas},
  journal={Machine Learning and EU Copyright Law: Who Owns AI},
  doi={10.2139/ssrn.3299523},
  year={2018}
}

@article{greenbaum2016the,
author= {Greenbaum, Eli},
title={The Non-Discrimination Principle in Open Source Licensing},
journal={Cardozo Law Review},
volume={37},
number={4},
pages={1297--1344},
year={2016}
}

@inproceedings{furlanello2018born,
  title={Born again neural networks},
  author={Furlanello, Tommaso and Lipton, Zachary and Tschannen, Michael and Itti, Laurent and Anandkumar, Anima},
  booktitle={Proceedings of the 35th International Conference on Machine Learning (ICML)},
  pages={1607--1616},
  year={2018},
  organization={PMLR}
}

@inproceedings{mcmahan2017communication,
	author = {McMahan, Brendan and Moore, Eider and Ramage, Daniel and Hampson, Seth and y Arcas, Blaise Aguera},
	booktitle = {Proceedings of the 20th International Conference on Artificial Intelligence and Statistics (AISTATS)},
	date-added = {2022-12-19 23:11:33 +0800},
	date-modified = {2022-12-19 23:11:33 +0800},
	pages = {1273--1282},
	title = {Communication-Efficient Learning of Deep Networks from Decentralized Data},
	year = {2017}
}

@inproceedings{lam2021model,
  title={Model Fusion for Personalized Learning},
  author={Lam, Thanh Chi and Hoang, Nghia and Low, Bryan Kian Hsiang and Jaillet, Patrick},
  booktitle={Proceedings of the 38th International Conference on Machine Learning (ICML)},
  pages={5948--5958},
  year={2021},
  organization={PMLR}
}

@inproceedings{li2021model,
  title={Model-contrastive federated learning},
  author={Li, Qinbin and He, Bingsheng and Song, Dawn},
  booktitle={Proceedings of the IEEE/CVF Conference on Computer Vision and Pattern Recognition (CVPR)},
  pages={10713--10722},
  year={2021}
}

@article{peng2022intellectual,
  title={Intellectual property protection of DNN models},
  author={Peng, Sen and Chen, Yufei and Xu, Jie and Chen, Zizhuo and Wang, Cong and Jia, Xiaohua},
  journal={World Wide Web},
  pages={1--35},
  year={2022},
  doi={10.1007/s11280-022-01113-3},
  publisher={Springer}
}